<record xmlns='http://www.loc.gov/MARC21/slim'><leader>01969cam a2200493 i 4500</leader><controlfield tag='001'>6290058</controlfield><controlfield tag='005'>20170421141757.0</controlfield><controlfield tag='008'>020224t20012001ch       b    000 0 chi d</controlfield><datafield ind1=' ' ind2=' ' tag='020'><subfield code='a'>9789573049517</subfield></datafield><datafield ind1=' ' ind2=' ' tag='020'><subfield code='a'>9573049511</subfield></datafield><datafield ind1=' ' ind2=' ' tag='035'><subfield code='a'>(OCoLC)49189525</subfield></datafield><datafield ind1=' ' ind2=' ' tag='040'><subfield code='a'>CVU</subfield><subfield code='b'>eng</subfield><subfield code='e'>rda</subfield><subfield code='c'>CVU</subfield><subfield code='d'>OKU</subfield><subfield code='d'>ANL</subfield></datafield><datafield ind1='1' ind2=' ' tag='041'><subfield code='a'>chi</subfield><subfield code='h'>eng</subfield></datafield><datafield ind1=' ' ind2=' ' tag='042'><subfield code='a'>anuc</subfield></datafield><datafield ind1='0' ind2='4' tag='082'><subfield code='a'>616.89166</subfield><subfield code='2'>23</subfield></datafield><datafield ind1='1' ind2=' ' tag='100'><subfield code='a'>White, Michael</subfield><subfield code='q'>(Michael Kingsley),</subfield><subfield code='e'>author.</subfield></datafield><datafield ind1='1' ind2='0' tag='240'><subfield code='a'>Narrative means to therapeutic ends.</subfield><subfield code='l'>Chinese</subfield></datafield><datafield ind1='1' ind2='0' tag='245'><subfield code='6'>880-01</subfield><subfield code='a'>Gu shi, zhi shi, quan li :</subfield><subfield code='b'>xu shi zhi liao de li liang /</subfield><subfield code='c'>zuo zhe Maike Huaite (Michael White), Dawei Aipusidun (David Epston) ; shen yue Wu Xixuan ; yi zhe Liao Shide.</subfield></datafield><datafield ind1='1' ind2='0' tag='880'><subfield code='6'>245-01</subfield><subfield code='a'>故事、知識、權力 :</subfield><subfield code='b'>敘事治療的力量 /</subfield><subfield code='c'>作者麥克・懷特(Michael White), 大衛・艾普斯頓(David Epston) ; 審閱吳熙琄 ; 譯者廖世德.</subfield></datafield><datafield ind1='3' ind2=' ' tag='246'><subfield code='6'>880-02</subfield><subfield code='a'>Gu shi zhi shi quan li</subfield></datafield><datafield ind1='3' ind2=' ' tag='880'><subfield code='6'>246-02</subfield><subfield code='a'>故事知識權力</subfield></datafield><datafield ind1='3' ind2='0' tag='246'><subfield code='6'>880-03</subfield><subfield code='a'>Xu shi zhi liao de li liang</subfield></datafield><datafield ind1='3' ind2='0' tag='880'><subfield code='6'>246-03</subfield><subfield code='a'>敘事治療的力量</subfield></datafield><datafield ind1=' ' ind2=' ' tag='250'><subfield code='6'>880-04</subfield><subfield code='a'>Chu ban.</subfield></datafield><datafield ind1=' ' ind2=' ' tag='880'><subfield code='6'>250-04</subfield><subfield code='a'>初版.</subfield></datafield><datafield ind1=' ' ind2='1' tag='264'><subfield code='6'>880-05</subfield><subfield code='a'>Taibei Shi :</subfield><subfield code='b'>Xin ling gong fang wen hua shi ye gu fen you xian gong si,</subfield><subfield code='c'>2001.</subfield></datafield><datafield ind1=' ' ind2='1' tag='880'><subfield code='6'>264-05</subfield><subfield code='a'>台北市 :</subfield><subfield code='b'>心靈工坊文化事業股份有限公司,</subfield><subfield code='c'>2001.</subfield></datafield><datafield ind1=' ' ind2='4' tag='264'><subfield code='c'>©2001</subfield></datafield><datafield ind1=' ' ind2=' ' tag='300'><subfield code='a'>xvi, 253 pages ;</subfield><subfield code='c'>22 cm.</subfield></datafield><datafield ind1=' ' ind2=' ' tag='336'><subfield code='a'>text</subfield><subfield code='2'>rdacontent</subfield></datafield><datafield ind1=' ' ind2=' ' tag='337'><subfield code='a'>unmediated</subfield><subfield code='2'>rdamedia</subfield></datafield><datafield ind1=' ' ind2=' ' tag='338'><subfield code='a'>volume</subfield><subfield code='2'>rdacarrier</subfield></datafield><datafield ind1='1' ind2=' ' tag='490'><subfield code='a'>Master ;</subfield><subfield code='v'>1</subfield></datafield><datafield ind1=' ' ind2=' ' tag='500'><subfield code='a'>Translation of : Narrative means to therapeutic ends.</subfield></datafield><datafield ind1=' ' ind2=' ' tag='504'><subfield code='a'>Includes bibliographical references (pages 248-253)</subfield></datafield><datafield ind1=' ' ind2='0' tag='650'><subfield code='a'>Family Therapy.</subfield></datafield><datafield ind1=' ' ind2='0' tag='650'><subfield code='a'>Psychotherapy.</subfield></datafield><datafield ind1=' ' ind2=' ' tag='653'><subfield code='a'>Australian</subfield></datafield><datafield ind1='1' ind2=' ' tag='700'><subfield code='a'>Epston, David,</subfield><subfield code='e'>author.</subfield></datafield><datafield ind1='1' ind2=' ' tag='700'><subfield code='6'>880-06</subfield><subfield code='a'>Wu, Xixuan,</subfield><subfield code='e'>editor.</subfield></datafield><datafield ind1='1' ind2=' ' tag='880'><subfield code='6'>700-06</subfield><subfield code='a'>吳熙琄,</subfield><subfield code='e'>editor.</subfield></datafield><datafield ind1='1' ind2=' ' tag='700'><subfield code='6'>880-07</subfield><subfield code='a'>Liao, Shide,</subfield><subfield code='e'>translator.</subfield></datafield><datafield ind1='1' ind2=' ' tag='880'><subfield code='6'>700-07</subfield><subfield code='a'>廖世德,</subfield><subfield code='e'>translator.</subfield></datafield><datafield ind1=' ' ind2='0' tag='830'><subfield code='a'>Master ;</subfield><subfield code='v'>1.</subfield></datafield></record>